@article{hu2018reference,
  title={How do reference montage and electrodes setup affect the measured scalp EEG potentials?},
  author={排名第一},
  journal={Journal of neural engineering},
  volume={15},
  number={2},
  pages={026013},
  year={2018},
  publisher={IOP Publishing}
}

@article{hu2018unified,
  title={Unified Bayesian estimator of EEG reference at infinity: rREST (regularized reference electrode standardization technique)},
  author={排名第一},
  journal={Frontiers in neuroscience},
  volume={12},
  pages={297},
  year={2018},
  publisher={Frontiers}
}

@article{hu2019statistics,
  title={The statistics of EEG unipolar references: derivations and properties},
  author={排名第一},
  journal={Brain topography},
  volume={32},
  number={4},
  pages={696--703},
  year={2019},
  publisher={Springer US}
}

@article{yao2019reference,
  title={Which Reference Should We Use for EEG and ERP practice?},
  author={共同第一},
  journal={Brain topography},
  pages={1--20},
  year={2019},
  publisher={Springer US}
}

@article{ren2018movement,
  title={Movement symmetry assessment by bilateral motion data fusion},
  author={排名第二},
  journal={IEEE Transactions on Biomedical Engineering},
  volume={66},
  number={1},
  pages={225--236},
  year={2018},
  publisher={IEEE}
}

@article{hu2018restate,
  title={Restate the reference for EEG microstate analysis},
  author={排名第一},
  journal={https://arxiv.org/abs/1802.02701},
  pages={1--17},
  year={2018}
}

@article{hu2019multinational,
  title={Multinational qEEG developmental surfaces},
  author={排名第一},
  journal={bioRxiv},
  pages={1--12},
  year={2019},
  publisher={Cold Spring Harbor Laboratory}
}

@article{hu2019xi,
  title={Xi rhythms: decoding neural oscillations to create full brain high resolution spectra parametric mapping},
  author={排名第一},
  journal={bioRxiv},
  pages={1--11},
  year={2019},
  publisher={Cold Spring Harbor Laboratory}
}

@inproceedings{hu2020palos,
  title={PaLOS index: a metric to detect removal of brain signals with artifact correction},
  author={排名第一},
  booktitle={The 26th Organization for Human Brain Mapping Annual Meeting, Montreal, Canada},
  pages={1--2},
  year={2020}
}

@inproceedings{hu2019nonparametric,
  title={Nonparametric maximum likelihood estimation of the electrophysiological spectra components},
  author={排名第一},
  booktitle={The 25th Organization for Human Brain Mapping Annual Meeting, Italy, Rome},
  pages={1--2},
  year={2019},
  organization={https://files.aievolution.com/hbm1901/abstracts/52020/W855\_Hu.pdf}
}

@inproceedings{hu2017eeg,
  title={EEG microstates analysis is affected by the referencing technique},
  author={排名第一},
  booktitle={The 23rd Organization for Human Brain Mapping Annual Meeting, Vancouver, Canada},
  pages={1--2},
  year={2017},
  organization={http://files.aievolution.com/arc/hbm1701/abstracts/37465/1774\_Hu.pdf}
}

@inproceedings{胡世昂2015电极分布与参考对脑电信号幅值影响的仿真研究,
author={排名第一},
title={电极分布与参考对脑电信号幅值影响的仿真研究},
booktitle={2015年中国生物医学工程联合学术年会论文集},
year={2015},
pages={1-5},
address={南京},
month={11},
organization={[中国电子学会, 中国仪器仪表学会, 中国光学学会, 中国图象图形学会, 中国生物医学工程学会]},
}