@article{676199763,
  author={Koenig T, Marti-Lopez F and Valdes-Sosa P},
  title={Topographic time-frequency decomposition of the EEG},
  journal={NeuroImage},
  volume={14},
  number={},
  pages={383},
  url={http://dx.doi.org/10.1006/nimg.2001.0825},
  year={2001},
  abstract={}
}
	
  	
@article{676199771,
  author={Lehmann D},
  title={Multichannel topography of human alpha EEG fields},
  journal={Electroencephalogr. Clin. Neurophysiol.},
  volume={31},
  number={},
  pages={439},
  url={http://dx.doi.org/10.1016/0013-4694(71)90165-9},
  year={1971},
  abstract={}
}
	
  	
@article{676199762,
  author={Lehmann D, Pascual-Marqui R and Michel C},
  title={EEG microstates},
  journal={Scholarpedia},
  volume={4},
  number={},
  pages={7632},
  url={http://dx.doi.org/10.4249/scholarpedia.7632},
  year={2009},
  abstract={}
}
	
  	
@article{676199761,
  author={Pascual-Marqui R D},
  title={Review of Methods for solving the EEG inverse problem},
  journal={Int. J. Bioelectromagn.},
  volume={1},
  number={},
  pages={75},
  url={},
  year={1999},
  abstract={}
}
	
  	
@article{676199720,
  author={Grech R, Cassar T, Muscat J, Camilleri K P, Fabri S G, Zervakis M, Xanthopoulos P, Sakkalis V and
Vanrumste B},
  title={Review on solving the inverse problem in EEG source analysis},
  journal={J. Neuroeng. Rehabil.},
  volume={5},
  number={},
  pages={25},
  url={http://dx.doi.org/10.1186/1743-0003-5-25},
  year={2008},
  abstract={}
}
	
  	
@article{676199721,
  author={Valdes P, Bosch J, Grave R, Hernandez J, Riera J, Pascual R and Biscay R},
  title={Frequency domain models of the EEG},
  journal={Brain Topogr.},
  volume={4},
  number={},
  pages={309},
  url={http://dx.doi.org/10.1007/BF01135568},
  year={1992},
  abstract={}
}
	
  	
@article{676199722,
  author={Scherg M},
  title={Fundamentals of dipole source potential analysis},
  journal={Audit. Evoked Magn. Fields Electr. Potentials Adv. Audiol.},
  volume={6},
  number={},
  pages={40},
  url={},
  year={1990},
  abstract={}
}
	
  	
@article{676199723,
  author={Nunez P L, Srinivasan R, Westdorp A F, Wijesinghe R S, Tucker D M, Silberstein R B and Cadusch P J},
  title={EEG coherency I: statistics, reference electrode, volume conduction, Laplacians, cortical imaging, and interpretation at multiple scales},
  journal={Electroencephalogr. Clin. Neurophysiol.},
  volume={103},
  number={},
  pages={499},
  url={http://dx.doi.org/10.1016/S0013-4694(97)00066-7},
  year={1997},
  abstract={}
}
	
  	
@article{676199724,
  author={Garneski T M and Steelman H F},
  title={Equalizing ear reference resistance in monopolar recording to eliminate artifactual temporal lobe asymmetry},
  journal={Electroencephalogr. Clin. Neurophysiol.},
  volume={10},
  number={},
  pages={736},
  url={http://dx.doi.org/10.1016/0013-4694(58)90081-6},
  year={1958},
  abstract={}
}
	
  	
@article{676199725,
  author={Offner F F},
  title={The EEG as potential mapping: the value of the average monopolar reference},
  journal={Electroencephalogr. Clin. Neurophysiol.},
  volume={2},
  number={},
  pages={213},
  url={http://dx.doi.org/10.1016/0013-4694(50)90040-X},
  year={1950},
  abstract={}
}
	
  	
@article{676199765,
  author={Yao D},
  title={A method to standardize a reference of scalp EEG recordings to a point at infinity},
  journal={Physiol. Meas.},
  volume={22},
  number={4},
  pages={693},
  url={http://stacks.iop.org/0967-3334/22/i=4/a=305},
  year={2001},
  abstract={}
}
	
  	
@article{676199726,
  author={Zhai Y and Yao D},
  title={A study on the reference electrode standardization technique for a realistic head model},
  journal={Comput. Methods Programs Biomed.},
  volume={76},
  number={},
  pages={229},
  url={http://dx.doi.org/10.1016/j.cmpb.2004.07.002},
  year={2004},
  abstract={}
}
	
  	
@article{676199727,
  author={Rellecke J, Sommer W and Schacht A},
  title={Emotion effects on the N170: a question of reference?},
  journal={Brain Topogr.},
  volume={26},
  number={},
  pages={62},
  url={http://dx.doi.org/10.1007/s10548-012-0261-y},
  year={2013},
  abstract={}
}
	
  	
@article{676199728,
  author={Chella F, D’Andrea A, Basti A, Pizzella V and Marzetti L},
  title={Non-linear analysis of scalp EEG by using bispectra: the effect of the reference choice},
  journal={Front. Neurosci.},
  volume={11},
  number={},
  pages={1},
  url={http://dx.doi.org/10.3389/fnins.2017.00262},
  year={2017},
  abstract={}
}
	
  	
@article{676199729,
  author={Liu Q, Balsters J H, Baechinger M, Van Der Groen O, Wenderoth N and Mantini D},
  title={Estimating a neutral reference for electroencephalographic recordings: the importance of using a high-density montage and a realistic head model},
  journal={J. Neural Eng.},
  volume={12},
  number={5},
  pages={56012},
  url={http://stacks.iop.org/1741-2552/12/i=5/a=056012},
  year={2015},
  abstract={}
}
	
  	
@article{676199730,
  author={Chella F, Pizzella V, Zappasodi F and Marzetti L},
  title={Impact of the reference choice on scalp EEG connectivity estimation},
  journal={J. Neural Eng.},
  volume={13},
  number={3},
  pages={36016},
  url={http://stacks.iop.org/1741-2552/13/i=3/a=036016},
  year={2016},
  abstract={}
}
	
  	
@article{676199731,
  author={Lei X and Liao K},
  title={Understanding the influences of EEG reference: a large-scale brain network perspective},
  journal={Front. Neurosci.},
  volume={11},
  number={},
  pages={1},
  url={http://dx.doi.org/10.3389/fnins.2017.00205},
  year={2017},
  abstract={}
}
	
  	
@article{676199732,
  author={Oostenveld R and Praamstra P},
  title={The five percent electrode system for high-resolution EEG and ERP measurements},
  journal={Clin. Neurophysiol.},
  volume={112},
  number={},
  pages={713},
  url={http://dx.doi.org/10.1016/S1388-2457(00)00527-7},
  year={2001},
  abstract={}
}
	
  	
@article{676199733,
  author={Jurcak V, Tsuzuki D and Dan I},
  title={10/20, 10/10, and 10/5 systems revisited: their validity as relative head-surface-based positioning systems},
  journal={NeuroImage},
  volume={34},
  number={},
  pages={1600},
  url={http://dx.doi.org/10.1016/j.neuroimage.2006.09.024},
  year={2007},
  abstract={}
}
	
  	
@article{676199734,
  author={Jasper H H},
  title={The ten twenty electrode system of the International Federation},
  journal={Electroencephalogr. Clin. Neurophysiol.},
  volume={10},
  number={},
  pages={370},
  url={http://dx.doi.org/10.1016/0013-4694(58)90053-1},
  year={1958},
  abstract={}
}
	
  	
@article{676199735,
  author={Nuwer M R, Comi G, Emerson R, Fuglsang-Frederiksen A, GuÃ©rit J M, Hinrichs H, Ikeda A, Luccas F J
and Rappelsburger P},
  title={IFCN standards for digital recording of clinical EEG. International Federation of Clinical Neurophysiology},
  journal={Electroencephalogr. Clin. Neurophysiol.},
  volume={106},
  number={},
  pages={259},
  url={http://dx.doi.org/10.1016/S0013-4694(97)00106-5},
  year={1998},
  abstract={}
}
	
  	
@article{676199736,
  author={Chatrian G E and Lettich E N P},
  title={Ten percent electrode system for topographic studies of spontaneous and evoked EEG activities},
  journal={Am. J. EEG Technol.},
  volume={25},
  number={2},
  pages={83},
  url={http://dx.doi.org/10.1080/00029238.1985.11080163},
  year={1985},
  abstract={}
}
	
  	
@article{676199764,
  author={Michel C M and Lantz G},
  title={Getting in focus: epileptic source imaging using high-density EEG},
  journal={Electr. Geod. Inc.},
  volume={8},
  number={},
  pages={1},
  url={},
  year={2004},
  abstract={}
}
	
  	
@article{676199737,
  author={Tucker D M},
  title={Spatial sampling of head electrical fields: the geodesic sensor net},
  journal={Electroencephalogr. Clin. Neurophysiol.},
  volume={87},
  number={},
  pages={154},
  url={http://dx.doi.org/10.1016/0013-4694(93)90121-B},
  year={1993},
  abstract={}
}
	
  	
@article{676199738,
  author={Yao D},
  title={High-resolution EEG mappings: a spherical harmonic spectra theory and simulation results},
  journal={Clin. Neurophysiol.},
  volume={111},
  number={},
  pages={81},
  url={http://dx.doi.org/10.1016/S1388-2457(99)00205-9},
  year={2000},
  abstract={}
}
	
  	
@article{676199739,
  author={Fonov V, Evans A, McKinstry R, Almli C and Collins D},
  title={Unbiased nonlinear average age-appropriate brain templates from birth to adulthood},
  journal={NeuroImage},
  volume={47},
  number={},
  pages={S102},
  url={http://dx.doi.org/10.1016/S1053-8119(09)70884-5},
  year={2009},
  abstract={}
}
	
  	
@article{676199740,
  author={Fonov V, Evans A C, Botteron K, Almli C R, McKinstry R C and Collins D L},
  title={Unbiased average age-appropriate atlases for pediatric studies},
  journal={NeuroImage},
  volume={54},
  number={},
  pages={313},
  url={http://dx.doi.org/10.1016/j.neuroimage.2010.07.033},
  year={2011},
  abstract={}
}
	
  	
@article{676199741,
  author={Kybic J, Clerc M, Abboud T, Faugeras O, Keriven R and Papadopoulo T},
  title={A common formalism for the Integral formulations of the forward EEG problem},
  journal={IEEE Trans. Med. Imaging},
  volume={24},
  number={},
  pages={12},
  url={http://dx.doi.org/10.1109/TMI.2004.837363},
  year={2005},
  abstract={}
}
	
  	
@article{676199742,
  author={Gramfort A, Papadopoulo T, Olivi E and Clerc M},
  title={Forward field computation with OpenMEEG},
  journal={Comput. Intell. Neurosci.},
  volume={2011},
  number={},
  pages={1},
  url={http://dx.doi.org/10.1155/2011/923703},
  year={2011},
  abstract={}
}
	
  	
@article{676199743,
  author={Tadel F, Baillet S, Mosher J C, Pantazis D and Leahy R M},
  title={Brainstorm: a user-friendly application for MEG/EEG analysis},
  journal={Comput. Intell. Neurosci.},
  volume={2011},
  number={},
  pages={1},
  url={http://dx.doi.org/10.1155/2011/879716},
  year={2011},
  abstract={}
}
	
  	
@article{676199744,
  author={Symond M P, Harris A W, Gordon E and Williams L M},
  title={‘Gamma synchrony’ in first-episode schizophrenia: a disorder of temporal connectivity?},
  journal={Am. J. Psychiatry},
  volume={162},
  number={},
  pages={459},
  url={http://dx.doi.org/10.1176/appi.ajp.162.3.459},
  year={2005},
  abstract={}
}
	
  	
@article{676199745,
  author={De Munck J C},
  title={The potential distribution in a layered anisotropic spheroidal volume conductor},
  journal={J. Appl. Phys.},
  volume={64},
  number={},
  pages={464},
  url={http://dx.doi.org/10.1063/1.341983},
  year={1988},
  abstract={}
}
	
  	
@article{676199746,
  author={Wolters C H, Grasedyck L and Hackbusch W},
  title={Efficient computation of lead field bases and influence matrix for the FEM-based EEG and MEG inverse problem},
  journal={Inverse Probl.},
  volume={20},
  number={4},
  pages={1099},
  url={http://stacks.iop.org/0266-5611/20/i=4/a=007},
  year={2004},
  abstract={}
}
	
  	
@article{676199747,
  author={Pascual-Marqui R D and Lehamann D},
  title={Topographic maps, source localization inference, and the reference electrode: comments on a paper by Desmedt},
  journal={Electroencephalogr. Clin. Neurophysiol. Potentials Sect.},
  volume={88},
  number={},
  pages={532},
  url={http://dx.doi.org/10.1016/0168-5597(93)90043-O},
  year={1993},
  abstract={}
}
	
  	
@article{676199766,
  author={Geselowitz D B},
  title={The zero of potential},
  journal={IEEE Eng. Med. Biol. Mag.},
  volume={17},
  number={},
  pages={128},
  url={http://dx.doi.org/10.1109/51.646230},
  year={1998},
  abstract={}
}
	
  	
@article{676199748,
  author={Christodoulakis M, Hadjipapas A, Papathanasiou E S, Anastasiadou M, Papacostas S S and Mitsis G D ed
Sakkalis V},
  title={On the effect of volume conduction on graph theoretic measures of brain networks in epilepsy},
  journal={Epilepsy Modern Electroencephalographic Assessment Techniques: Theory and Applications},
  volume={},
  number={},
  pages={103},
  url={},
  year={2013},
  abstract={}
}
	
  	
@article{676199749,
  author={Osselton J W},
  title={Acquisition of EEG data by bipolar unipolar and average reference methods: a theoretical comparison},
  journal={Electroencephalogr. Clin. Neurophysiol.},
  volume={19},
  number={},
  pages={527},
  url={http://dx.doi.org/10.1016/0013-4694(65)90195-1},
  year={1965},
  abstract={}
}
	
  	
@article{676199750,
  author={Kayser J and Tenke C E},
  title={In search of the Rosetta Stone for scalp EEG: converging on reference-free techniques},
  journal={Clin. Neurophysiol.},
  volume={121},
  number={},
  pages={1973},
  url={http://dx.doi.org/10.1016/j.clinph.2010.04.030},
  year={2010},
  abstract={}
}
	
  	
@article{676199751,
  author={Srinivasan R, Nunez P L and Silberstein R B},
  title={Spatial filtering and neocortical dynamics: estimates of EEG coherence},
  journal={IEEE Trans. Biomed. Eng.},
  volume={45},
  number={},
  pages={814},
  url={http://dx.doi.org/10.1109/10.686789},
  year={1998},
  abstract={}
}
	
  	
@article{676199770,
  author={Schiff S J},
  title={Dangerous phase},
  journal={Neuroinformatics},
  volume={3},
  number={},
  pages={1},
  url={http://dx.doi.org/10.1385/NI:3:4:315},
  year={2005},
  abstract={}
}
	
  	
@article{676199752,
  author={Bertrand O, Perrin F and Pernier J},
  title={A theoretical justification of the average reference in topographic evoked potential studies},
  journal={Electroencephalogr. Clin. Neurophysiol. Potentials Sect.},
  volume={62},
  number={},
  pages={462},
  url={http://dx.doi.org/10.1016/0168-5597(85)90058-9},
  year={1985},
  abstract={}
}
	
  	
@article{676199753,
  author={Nunez P L and Srinivasan R},
  title={},
  journal={Electric Fields of the Brain: The Neurophysics of EEG},
  volume={},
  number={},
  pages={},
  url={http://dx.doi.org/10.1093/acprof:oso/9780195050387.001.0001},
  year={2006},
  abstract={}
}
	
  	
@article{676199754,
  author={Yao D},
  title={Is the surface potential integral of a dipole in a volume conductor always zero? A cloud over the average reference of EEG and ERP},
  journal={Brain Topogr.},
  volume={30},
  number={},
  pages={161},
  url={http://dx.doi.org/10.1007/s10548-016-0543-x},
  year={2017},
  abstract={}
}
	
  	
@article{676199755,
  author={Dong L, Li F, Liu Q, Wen X, Lai Y, Xu P and Yao D},
  title={MATLAB toolboxes for reference electrode standardization technique (REST) of scalp EEG},
  journal={Frontiers Neurosci.},
  volume={11},
  number={},
  pages={601},
  url={http://dx.doi.org/10.3389/fnins.2017.00601},
  year={2017},
  abstract={}
}
	
  	
@article{676199756,
  author={Gramfort A, Papadopoulo T, Olivi E and Clerc M},
  title={OpenMEEG: opensource software for quasistatic bioelectromagnetics},
  journal={Biomed. Eng. Online},
  volume={9},
  number={},
  pages={45},
  url={http://dx.doi.org/10.1186/1475-925X-9-45},
  year={2010},
  abstract={}
}
	
  	
@article{676199757,
  author={Hallez H et al},
  title={Review on solving the forward problem in EEG source analysis},
  journal={J. Neuroeng. Rehabil.},
  volume={4},
  number={},
  pages={46},
  url={http://dx.doi.org/10.1186/1743-0003-4-46},
  year={2007},
  abstract={}
}
	
  	
@article{676199767,
  author={Akhtari M},
  title={Conductivities of three-layer live human skull},
  journal={Brain Topogr.},
  volume={14},
  number={},
  pages={151},
  url={http://dx.doi.org/10.1023/A:1014590923185},
  year={2002},
  abstract={}
}
	
  	
@article{676199758,
  author={Ziegler E, Chellappa S L, Gaggioni G, Ly J Q M, Vandewalle G, AndrÃ© E, Geuzaine C and Phillips C},
  title={A finite-element reciprocity solution for EEG forward modeling with realistic individual head models},
  journal={NeuroImage},
  volume={103},
  number={},
  pages={542},
  url={http://dx.doi.org/10.1016/j.neuroimage.2014.08.056},
  year={2014},
  abstract={}
}
	
  	
@article{676199759,
  author={Yao D, Wang L, Oostenveld R, Nielsen K D, Arendt-Nielsen L and Chen A C N},
  title={A comparative study of different references for EEG spectral mapping: the issue of the neutral reference and the use of the infinity reference},
  journal={Physiol. Meas.},
  volume={26},
  number={3},
  pages={173},
  url={http://stacks.iop.org/0967-3334/26/i=3/a=003},
  year={2005},
  abstract={}
}
	
  	
@article{676199768,
  author={Essl M and Rappelsberger P},
  title={EEG cohererence and reference signals: experimental results and mathematical explanations},
  journal={Med. Biol. Eng. Comput.},
  volume={36},
  number={},
  pages={399},
  url={http://dx.doi.org/10.1007/BF02523206},
  year={1998},
  abstract={}
}
	
  	
@article{676199769,
  author={Marzetti L, Nolte G, Perrucci M G, Romani G L and Del Gratta C},
  title={The use of standardized infinity reference in EEG coherency studies},
  journal={NeuroImage},
  volume={36},
  number={},
  pages={48},
  url={http://dx.doi.org/10.1016/j.neuroimage.2007.02.034},
  year={2007},
  abstract={}
}
	
  	
@article{676199760,
  author={Lantz G, Grave de Peralta R, Spinelli L, Seeck M and Michel C},
  title={Epileptic source localization with high density EEG: how many electrodes are needed?},
  journal={Clin. Neurophysiol.},
  volume={114},
  number={},
  pages={63},
  url={http://dx.doi.org/10.1016/S1388-2457(02)00337-1},
  year={2003},
  abstract={}
}
	
  	
@article{676199718,
  author={Tenke C and Kayser J},
  title={Reference-free quantification of EEG spectra: combining current source density (CSD) and frequency principal components analysis (fPCA)},
  journal={Clin. Neurophysiol.},
  volume={116},
  number={},
  pages={2826},
  url={http://dx.doi.org/10.1016/j.clinph.2005.08.007},
  year={2005},
  abstract={}
}
	
  	
@article{676199717,
  author={Pivik R T, Broughton R J, Coppola R, Davidson R J, Fox N and Nuwer M R},
  title={Guidelines for the recording and quantitative analysis of electroencephalographic activity in research contexts},
  journal={Psychophysiology},
  volume={30},
  number={},
  pages={547},
  url={http://dx.doi.org/10.1111/j.1469-8986.1993.tb02081.x},
  year={1993},
  abstract={}
}
	
  	
@article{676199719,
  author={Hagemann D, Naumann E and Thayer J F},
  title={The quest for the EEG reference revisited: a glance from brain asymmetry research},
  journal={Psychophysiology},
  volume={38},
  number={},
  pages={847},
  url={http://dx.doi.org/10.1111/1469-8986.3850847},
  year={2001},
  abstract={}
}
	
@article{tucker1993spatial,
	title={Spatial sampling of head electrical fields: the geodesic sensor net},
	author={Tucker, Don M},
	journal={Electroencephalography and clinical neurophysiology},
	volume={87},
	number={3},
	pages={154--163},
	year={1993},
	publisher={Elsevier}
}
@article{chatrian1985ten,
	title={Ten percent electrode system for topographic studies of spontaneous and evoked EEG activities},
	author={Chatrian, GE and Lettich, E and Nelson, PL},
	journal={American Journal of EEG technology},
	volume={25},
	number={2},
	pages={83--92},
	year={1985},
	publisher={Taylor \& Francis}
}
@article{10016997968,
	author="NUWER, MR",
	title="IFCN standards for digital recording of clinical EEG : the International Federation of Clinical Neurophysiology",
	journal="Electroencephalogr Clin Neurophysiol Suppl",
	ISSN="",
	publisher="",
	year="1999",
	month="",
	volume="52",
	number="",
	pages="11-14",
	URL="https://ci.nii.ac.jp/naid/10016997968/en/",
	DOI="",
}
@article{oostenveld2001five,
	title={The five percent electrode system for high-resolution EEG and ERP measurements},
	author={Oostenveld, Robert and Praamstra, Peter},
	journal={Clinical neurophysiology},
	volume={112},
	number={4},
	pages={713--719},
	year={2001},
	publisher={Elsevier}
}
@article{jurcak200710,
	title={10/20, 10/10, and 10/5 systems revisited: their validity as relative head-surface-based positioning systems},
	author={Jurcak, Valer and Tsuzuki, Daisuke and Dan, Ippeita},
	journal={Neuroimage},
	volume={34},
	number={4},
	pages={1600--1611},
	year={2007},
	publisher={Elsevier}
}
@article{oostenveld2001five,
	title={The five percent electrode system for high-resolution EEG and ERP measurements},
	author={Oostenveld, Robert and Praamstra, Peter},
	journal={Clinical neurophysiology},
	volume={112},
	number={4},
	pages={713--719},
	year={2001},
	publisher={Elsevier}
}
@article{lei2017understanding,
	title={Understanding the influences of EEG reference: a large-scale brain network perspective},
	author={Lei, Xu and Liao, Keren},
	journal={Frontiers in neuroscience},
	volume={11},
	pages={205},
	year={2017},
	publisher={Frontiers}
}
@article{chella2016impact,
	title={Impact of the reference choice on scalp EEG connectivity estimation},
	author={Chella, Federico and Pizzella, Vittorio and Zappasodi, Filippo and Marzetti, Laura},
	journal={Journal of neural engineering},
	volume={13},
	number={3},
	pages={036016},
	year={2016},
	publisher={IOP Publishing}
}
@article{liu2015estimating,
	title={Estimating a neutral reference for electroencephalographic recordings: the importance of using a high-density montage and a realistic head model},
	author={Liu, Quanying and Balsters, Joshua H and Baechinger, Marc and van der Groen, Onno and Wenderoth, Nicole and Mantini, Dante},
	journal={Journal of neural engineering},
	volume={12},
	number={5},
	pages={056012},
	year={2015},
	publisher={IOP Publishing}
}
@article{chella2017non,
	title={Non-linear analysis of scalp EEG by using bispectra: the effect of the reference choice},
	author={Chella, Federico and D'Andrea, Antea and Basti, Alessio and Pizzella, Vittorio and Marzetti, Laura},
	journal={Frontiers in neuroscience},
	volume={11},
	pages={262},
	year={2017},
	publisher={Frontiers}
}
@article{rellecke2013emotion,
	title={Emotion effects on the N170: a question of reference?},
	author={Rellecke, Julian and Sommer, Werner and Schacht, Annekathrin},
	journal={Brain topography},
	volume={26},
	number={1},
	pages={62--71},
	year={2013},
	publisher={Springer}
}
@article{yao2001method,
	title={A method to standardize a reference of scalp EEG recordings to a point at infinity},
	author={Yao, Dezhong},
	journal={Physiological measurement},
	volume={22},
	number={4},
	pages={693},
	year={2001},
	publisher={IOP Publishing}
}
@article{offner1950eeg,
	title={The EEG as potential mapping: the value of the average monopolar reference.},
	author={Offner, Franklin F},
	journal={Electroencephalography and clinical neurophysiology},
	volume={2},
	number={2},
	pages={213},
	year={1950}
}
@article{garneski1958equalizing,
	title={Equalizing ear reference resistance in monopolar recording to eliminate artifactual temporal lobe asymmetry.},
	author={Garneski, Thomas M and Steelman, Harry F},
	journal={Electroencephalography and clinical neurophysiology},
	volume={10},
	number={4},
	pages={736--738},
	year={1958}
}
@article{nunez1997eeg,
	title={EEG coherency: I: statistics, reference electrode, volume conduction, Laplacians, cortical imaging, and interpretation at multiple scales},
	author={Nunez, Paul L and Srinivasan, Ramesh and Westdorp, Andrew F and Wijesinghe, Ranjith S and Tucker, Don M and Silberstein, Richard B and Cadusch, Peter J},
	journal={Electroencephalography and clinical neurophysiology},
	volume={103},
	number={5},
	pages={499--515},
	year={1997},
	publisher={Elsevier}
}
@article{scherg1990fundamentals,
	title={Fundamentals of dipole source potential analysis},
	author={Scherg, Michael},
	journal={Auditory evoked magnetic fields and electric potentials. Advances in audiology},
	volume={6},
	pages={40--69},
	year={1990},
	publisher={Karger Basel}
}
@article{pascual1999review,
	title={Review of methods for solving the EEG inverse problem},
	author={Pascual-Marqui, Roberto Domingo},
	journal={International journal of bioelectromagnetism},
	volume={1},
	number={1},
	pages={75--86},
	year={1999}
}
@article{lehmann1971multichannel,
	title={Multichannel topography of human alpha EEG fields},
	author={Lehmann, D},
	journal={Electroencephalography and clinical neurophysiology},
	volume={31},
	number={5},
	pages={439--449},
	year={1971},
	publisher={Elsevier}
}
@article{konig2001topographic,
	title={Topographic time-frequency decomposition of the EEG},
	author={K{\"o}nig, Thomas and Marti-Lopez, F and Valdes-Sosa, P},
	journal={NeuroImage},
	volume={14},
	number={2},
	pages={383--390},
	year={2001},
	publisher={Elsevier}
}
@article{teplan2002fundamentals,
  title={Fundamentals of EEG measurement},
  author={Teplan, Michal and others},
  journal={Measurement science review},
  volume={2},
  number={2},
  pages={1--11},
  year={2002}
}

@article{hu2018reference,
  title={How do reference montage and electrodes setup affect the measured scalp EEG potentials?},
  author={Hu, Shiang and Lai, Yongxiu and Valdes-Sosa, Pedro A and Bringas-Vega, Maria L and Yao, Dezhong},
  journal={Journal of neural engineering},
  volume={15},
  number={2},
  pages={026013},
  year={2018},
  publisher={IOP Publishing}
}

@misc{hu2018unified,
  title={Unified Bayesian estimator of EEG reference at infinity: rREST},
  author={Hu, Shiang and Yao, Dezhong and Valdes-Sosa, Pedro A.},
  journal={https://arxiv.org/abs/1802.02268},
  year={2018}
}

@misc{hu2018restate,
  title={Restate the reference for EEG microstate analysis},
  author={Hu, Shiang and Karahan, Esin and Valdes-Sosa, Pedro A.},
  journal={https://arxiv.org/abs/1802.02701},
  year={2018}
}

@article{hu2018unified,
  title={Unified Bayesian estimator of EEG reference at infinity: rREST (regularized reference electrode standardization technique)},
  author={Hu, Shiang and Yao, Dezhong and Valdes-Sosa, Pedro A},
  journal={Frontiers in neuroscience},
  volume={12},
  pages={297},
  year={2018},
  publisher={Frontiers}
}

@article{ren2018movement,
  title={Movement symmetry assessment by bilateral motion data fusion},
  author={Ren, Peng and Hu, Shiang and Han, Zhenfeng and Wang, Qing and Yao, Shuxia and Gao, Zhao and Jin, Jiangming and Bringas, Maria L and Yao, Dezhong and Biswal, Bharat and others},
  journal={IEEE Transactions on Biomedical Engineering},
  volume={66},
  number={1},
  pages={225--236},
  year={2018},
  publisher={IEEE}
}

@article{hu2019statistics,
  title={The statistics of EEG unipolar references: derivations and properties},
  author={Hu, Shiang and Yao, Dezhong and Bringas-Vega, Maria L and Qin, Yun and Valdes-Sosa, Pedro A},
  journal={Brain topography},
  volume={32},
  number={4},
  pages={696--703},
  year={2019},
  publisher={Springer US}
}

@article{yao2019reference,
  title={Which Reference Should We Use for EEG and ERP practice?},
  author={Yao*, Dezhong and Qin*, Yun and Hu*, Shiang and Dong, Li and Vega, Maria L Bringas and Sosa, Pedro A Vald{\'e}s},
  journal={Brain topography},
  pages={1--20},
  year={2019},
  publisher={Springer US}
}

@inproceedings{hu2018nonparametric,
  title={Nonparametric maximum likelihood estimation of the electrophysiological spectra components},
  author={Hu, Shiang and Wang, Qing and Vald{\'e}s-Sosa, Pedro A},
  booktitle={The 25th Organization for Human Brain Mapping Annual Meeting, Italy, Rome},
  year={2018},
  organization={https://files.aievolution.com/hbm1901/abstracts/52020/W855\_Hu.pdf}
}

@inproceedings{hu2016eeg,
  title={EEG zero reference: principle and applications},
  author={Hu, Shiang},
  booktitle={Technology and Teaching Forum, Key Lab of Modern Teaching Technology, MOE, China},
  number={http://mtt.snnu.edu.cn/kfyjl/kjyjxlt.htm},
  year={2016}
}

@article{hu2019xi,
  title={Xi rhythms: decoding neural oscillations to create full brain high resolution spectra parametric mapping},
  author={Hu, Shiang and Valdes-Sosa, Pedro A},
  journal={bioRxiv},
  year={2019},
  publisher={Cold Spring Harbor Laboratory}
}

@article{hu2019multinational,
  title={Multinational qEEG developmental surfaces},
  author={Hu, Shiang and Ngulugulu, Ally and Bosch-Bayard, Jorge and Bringas-Vega, Maria L and Valdes-Sosa, Pedro A},
  journal={bioRxiv},
  year={2019},
  publisher={Cold Spring Harbor Laboratory}
}